@misc{LL_GREF,
  author = {Git},
  title = {{Git - Reference}},
  howpublished = "\url{http://git-scm.com/docs}"
}

@misc{LL_SMAVEN,
  author = {Sonatype},
  title = {{The Central Repository}},
  howpublished = "\url{http://git-scm.com/docs}"
}

@misc{LL_LGDXF,
  author = {LibGDX},
  title = {{Goals and Features}},
  howpublished = "\url{http://libgdx.badlogicgames.com/features.html}"
}

@misc{LL_LIBGDXJD,
  author = {LibGDX},
  title = {{LibGDX - Javadocs}},
  howpublished = "\url{http://libgdx.badlogicgames.com/nightlies/docs/api/}"
}

@misc{LL_JUNITWIKI,
  author = {jUnit},
  title = {{jUnit - Getting started}},
  howpublished = "\url{https://github.com/junit-team/junit/wiki/Getting-started}"
}

@misc{LL_JUNITJD,
  author = {jUnit},
  title = {{jUnit - Javadocs}},
  howpublished = "\url{http://junit.org/javadoc/latest/index.html}"
}

@misc{LL_HAMCRESTTUT,
  author = {hamcrest},
  title = {{The Hamcrest Tutorial}},
  howpublished = "\url{https://code.google.com/p/hamcrest/wiki/Tutorial}"
}

@misc{LL_GRADLEUG,
  author = {Gradle Inc.},
  title = {{Gradle User Guide}},
  howpublished = "\url{http://gradle.org/docs/current/userguide/userguide.html}"
}

@misc{LL_HTCACTDPETBAIR,
  author = {Randy Gaul},
  title = {{How to Create a Custom 2D Physics Engine: The Basics and Impulse Resolution}},
  howpublished = "\url{http://gamedevelopment.tutsplus.com/tutorials/0--gamedev-6331}"
}

@misc{LL_TRIANGLECENTERS,
  author = {Kristina Dunbar},
  title = {{Triangle Centers}},
  howpublished = "\url{http://jwilson.coe.uga.edu/emat6680/dunbar/assignment4/assignment4_kd.htm}"
}

@misc{LL_CGAFAQ,
  author = {graphics/algorithms-faq },
  title = {{comp.graphics.algorithms FAQ}},
  howpublished = "\url{http://www.faqs.org/faqs/graphics/algorithms-faq/}"
}