%%
%% WinShell 3.3.2.6
%% http://www.winshell.org/
%%

% Strings


% Preamble


% BibTeX Entries
@book{DGIJ,
 author               = {David Brackeen},
 journal              = {Unbekannte Zeitschrift},
 publisher            = {NRG},
 title                = {Developing Games in Java},
 year                 = {2004},
 }

@misc{TILED,
 author               = {TILED},
 title                = {Tiled Mapeditor},
 howpublished         = {\url{http://www.mapeditor.org/}},
 year                 = {2014},
 }

@misc{TMXDOC,
 author               = {Thorbj√∏rn Lindeijer},
 title                = {TMX Fileformat description},
 howpublished         = {\url{https://github.com/bjorn/tiled/wiki/TMX-Map-Format}},
 year                 = {2014},
 }

@misc{GIT,
 author               = {Software Freedom Conservancy},
 title                = {GIT},
 howpublished         = {\url{http://git-scm.com/}},
 year                 = {2014},
 }

@misc{GRADLE,
 author               = {Gradleware Inc.},
 title                = {Gradle Build System},
 howpublished         = {\url{http://www.gradle.org/}},
 year                 = {2014},
 }

@misc{MCENTRAL,
 author               = {Sonatype, Inc.},
 title                = {The Central Repository},
 howpublished         = {\url{http://search.maven.org/}},
 year                 = {2014},
 }