@book{LLGD,
 author               = {Andreas Oehlke},
 isbn                 = {1782166041},
 publisher            = {Packt Publishing},
 title                = {Learning Libgdx Game Development},
 year                 = {2013},
}

@book{LGDXCP,
 author               = {David Saltares Marquez and Alberto Cejas Sanchez},
 isbn                 = {1783287292},
 publisher            = {Packt Publishing - ebooks Account},
 title                = {Libgdx Cross-platform Game Development Cookbook},
 year                 = {2014},
 }

@book{CCD,
  author              = {Robert C. Martin},
  title               = {Clean Code: A Handbook of Agile Software Craftsmanship},
  publisher           = {Prentice Hall},
  year                = {2008},
  isbn                = {0132350882},
}

@book{RTCD,
  author              = {Christer Ericson},
  title               = {Real-Time Collision Detection (The Morgan Kaufmann Series in Interactive 3-D Technology)},
  publisher           = {CRC Press},
  year                = {2004},
  isbn                = {1558607323},
}

@book{GPED,
  Author = {Ian Millington},
  Title = {Game Physics Engine Development: How to Build a Robust Commercial-Grade Physics Engine for your Game},
  Publisher = {CRC Press},
  Year = {2010},
  ISBN = {0123819768}
}